@Article{ Cache_TLB,
AUTHOR = "Rafael H. Saavedra and Alan J. Smith",
TITLE = "Measuring Cache and TLB Performance and their Effect on Benchmark
Runtimes",
JOURNAL = "IEEE Trans. Computers"
}


